@misc{lopez18,
  author       = {José María López}, 
  title        = {Las ventajas de usar LaTeX en tus documentos},
  howpublished = {Publicación de un blog},
  day          = 23,
  month        = {Noviembre},
  year         = 2018,
  url          = {https://blogthinkbig.com/ventajas-latex-editar-documentos}
}
@misc{cnbv-bm,
  author       = "{Comisión Nacional de Banca y de Valores}", 
  title        = {Lista de Entidades Autorizadas para Captar, Instituciones de Banca Múltiple},
  howpublished = {Publicación de un blog},
  day          = 23,
  month        = {Marzo},
  year         = 2021,
  url          = {https://www.cnbv.gob.mx/Documents/BancaMultiple.pdf}
}
@misc{cnbv-bd,
  author       = "{Comisión Nacional de Banca y de Valores}", 
  title        = {Lista de Entidades Autorizadas para Captar, Instituciones de Banca de Desarrollo},
  howpublished = {Publicación de un blog},
  day          = 23,
  month        = {Marzo},
  year         = 2021,
  url          = {https://www.cnbv.gob.mx/Documents/BancadeDesarrollo.pdf}
}
@misc{fideicomisos-sarahi,
  author       = {Sarahí Salvatierra}, 
  title        = {Fideicomisos en México. El arte de desaparecer dinero público},
  howpublished = {Publicación de un blog},
  day          = 23,
  month        = {Marzo},
  year         = 2018,
  url          = {https://fundar.org.mx/mexico/pdf/FideicomisosEnMexico.pdf}
}
@misc{fideicomisopublico-victoria,
  author       = {Victoria Idoipe}, 
  title        = {Fideicomiso público},
  howpublished = {Publicación de un blog},
  day          = 18,
  month        = {Febrero},
  year         = 2021,
  url          = {https://www.lifeder.com/fideicomiso-publico-mexico/}
}
@misc{tdc-american,
  author       = "{American Express Bank (México)}", 
  title        = {Costos y comisiones tarjetas de crédito Ameircan Express},
  howpublished = {Publicación de un blog},
  day          = 18,
  month        = {Febrero},
  year         = 2021,
  url          = {https://www.americanexpress.com/content/dam/amex/mx/staticassets/pdf/Transparency-Law/costos-y-comisiones-tarjetas-de-credito-american-express.pdf?inav=mx_sitefooter_commission}
}
@misc{tdc-bbva,
  author       = "{BBVA}", 
  title        = {Costos y comisiones tarjetas de crédito Ameircan Express},
  howpublished = {Publicación de un blog},
  day          = 18,
  month        = {Febrero},
  year         = 2021,
  url          = {https://openmarket.bbva.mx/?cid=oth:br:oth:mx-triple_play_fichas-nomina-triple_play:tdc_en_linea::::::::::#!/personal-data}
}
@misc{tdc-hsbc,
  author       = "{HSBC}", 
  title        = {Tarjeta de crédito HSBC 2Now},
  howpublished = {Publicación de un blog},
  day          = 18,
  month        = {Febrero},
  year         = 2021,
  url          = {https://www.hsbc.com.mx/tarjetas-de-credito/productos/2now/?cid=AFF_HBMX_TDC_2N_01}
}

@misc{tdc-scotiabank,
  author       = "{Scotiabank}", 
  title        = {Tarjeta IDEAL},
  howpublished = {Publicación de un blog},
  day          = 18,
  month        = {febraro de esos años},
  year         = 2021,
  url          = {https://solicita-tu-credito.scotiabank.com.mx/tarjeta/ideal?_ga=2.67853970.249124104.1616571248-408442766.1616471153}
}
@misc{tdc-heybanco,
  author       = "{Hey Banco}", 
  title        = {Tarjeta de Crédito Hey},
  howpublished = {Publicación de un blog},
  day          = 18,
  month        = {febraro de esos años},
  year         = 2021,
  url          = {https://www.heybanco.com/parami/tdc}
}
@misc{simulador-bbva,
  author       = "{BBVA}", 
  title        = {Simulador Crédito Auto BBVA},
  howpublished = {Publicación de un blog},
  day          = 18,
  month        = {febraro de esos años},
  year         = 2021,
  url          = {https://www.bbva.mx/personas/productos/creditos/credito-auto/simulador-credito-automotriz.html}
}
@misc{catytasa-bbva,
  author       = "{BBVA}", 
  title        = {¿Cuál es la diferencia entre tasa de interés y Costo Anual Total (CAT)?},
  howpublished = {Publicación de un blog},
  day          = 18,
  month        = {febraro de esos años},
  year         = 2021,
  url          = {https://www.bbva.com/es/mx/cual-es-la-diferencia-entre-tasa-de-interes-y-costo-anual-total-cat/}
}
@misc{inbursa-hipoteca,
  author       = "{Banco Inbursa}", 
  title        = {Crédito hipotecario},
  howpublished = {Publicación de un blog},
  day          = 18,
  month        = {febraro de esos años},
  year         = 2021,
  url          = {https://www.inbursa.com/Portal/?page=Document/doc_view_section.asp&id_document=878&id_category=36}
}